%% This BibTeX bibliography file was created using BibDesk.
%% https://bibdesk.sourceforge.io/

%% Created for Luiz Faria at 2022-01-20 21:26:40 +0000 


%% Saved with string encoding Unicode (UTF-8) 

@article{van2014scikit,
	title={Scikit-image: image processing in Python},
	author={Van der Walt, St{\'e}fan and  Sch{\"o}nberger, Johannes L and  Nunez-Iglesias, Juan and  Boulogne, Fran{\c{c}}ois and  Warner, Joshua D and  Yager, Neil and  Gouillart, Emmanuelle and  Yu, Tony and the scikit-image contributors},
	journal={PeerJ},
	volume={2},
	pages={e453},
	year={2014},
	publisher={PeerJ Inc.},
	doi={10.7717/peerj.453},
	url={https://doi.org/10.7717/peerj.453}
}

@article{zhang2015complex,
	title={Is a complex-valued stepsize advantageous in complex-valued gradient learning algorithms?},
	author={Zhang, Huisheng and Mandic, Danilo P},
	journal={IEEE transactions on neural networks and learning systems},
	volume={27},
	number={12},
	pages={2730--2735},
	year={2015},
	publisher={IEEE}
}


@misc{euai2021,
	author       = {{European Commission}},
	title        = {{Proposal for a Regulation of the European Parliament and of the Council laying down harmonised rules on Artificial Intelligence (Artificial Intelligence Act) and amending certain Union legislative acts}},
	howpublished = {Official Journal of the European Union},
	year         = {2021},
	url          = {https://eur-lex.europa.eu/legal-content/EN/TXT/?uri=CELEX:52021PC0206},
	note         = {COM/2021/206 final}
}

@article{fisher1936,
	author    = {Ronald A. Fisher},
	title     = {The Use of Multiple Measurements in Taxonomic Problems},
	journal   = {Annals of Eugenics},
	volume    = {7},
	number    = {2},
	pages     = {179--188},
	year      = {1936},
	publisher = {Wiley Online Library},
	doi       = {10.1111/j.1469-1809.1936.tb02137.x}
}

@misc{lecun1998mnist,
	author       = {Yann LeCun and Corinna Cortes and Christopher J.C. Burges},
	title        = {THE MNIST DATABASE of handwritten digits},
	howpublished = {\url{http://yann.lecun.com/exdb/mnist/}},
	year         = {1998}
}

@misc{stackoverflow2023,
	author       = {{Stack Overflow}},
	title        = {Stack Overflow Developer Survey 2023},
	year         = {2023},
	url          = {https://survey.stackoverflow.co/2023/},
	note         = {Accessed: 2024-06-24}
}

@book{rust2018,
	title     = {The Rust Programming Language},
	author    = {Steve Klabnik and Carol Nichols},
	publisher = {No Starch Press},
	year      = {2018},
	isbn      = {978-1593278281},
	url       = {https://doc.rust-lang.org/book/}
}

@article{zhang2021optical,
	title={An optical neural chip for implementing complex-valued neural network},
	author={Zhang, Hui and Gu, Mile and Jiang, XD and Thompson, Jayne and Cai, Hong and Paesani, Stefano and Santagati, Raffaele and Laing, Anthony and Zhang, Y and Yung, Man-Hong and others},
	journal={Nature communications},
	volume={12},
	number={1},
	pages={457},
	year={2021},
	publisher={Nature Publishing Group UK London}
}


%% theory
@inproceedings{arjovsky2016unitary,
	title={Unitary evolution recurrent neural networks},
	author={Arjovsky, Martin and Shah, Amar and Bengio, Yoshua},
	booktitle={International conference on machine learning},
	pages={1120--1128},
	year={2016},
	organization={PMLR}
}

@article{cox1958,
	author    = {David R. Cox},
	title     = {The Regression Analysis of Binary Sequences},
	journal   = {Journal of the Royal Statistical Society. Series B (Methodological)},
	volume    = {20},
	number    = {2},
	pages     = {215--242},
	year      = {1958},
	publisher = {Wiley for the Royal Statistical Society},
	url       = {http://www.jstor.org/stable/2983890}
}

@inproceedings{he2015delving,
	title={Delving deep into rectifiers: Surpassing human-level performance on ImageNet classification},
	author={He, Kaiming and Zhang, Xiangyu and Ren, Shaoqing and Sun, Jian},
	booktitle={Proceedings of the IEEE International Conference on Computer Vision (ICCV)},
	pages={1026--1034},
	year={2015}
}

@inproceedings{glorot2010understanding,
	title={Understanding the difficulty of training deep feedforward neural networks},
	author={Glorot, Xavier and Bengio, Yoshua},
	booktitle={Proceedings of the Thirteenth International Conference on Artificial Intelligence and Statistics (AISTATS) 2010},
	volume={9},
	pages={249--256},
	year={2010},
	organization={JMLR Workshop and Conference Proceedings}
}

@inproceedings{glorot2011deep,
	author    = {Xavier Glorot and Antoine Bordes and Yoshua Bengio},
	title     = {Deep Sparse Rectifier Neural Networks},
	booktitle = {Proceedings of the Fourteenth International Conference on Artificial Intelligence and Statistics (AISTATS 2011)},
	year      = {2011},
	editor    = {Geoffrey Gordon and David Dunson and Miroslav Dudík},
	volume    = {15},
	pages     = {315--323},
	series    = {Proceedings of Machine Learning Research},
	publisher = {PMLR},
	url       = {http://proceedings.mlr.press/v15/glorot11a.html}
}

@inproceedings{kim2000fully,
	title={Fully complex backpropagation for constant envelope signal processing},
	author={Kim, Taehwan and Adali, Tulay},
	booktitle={Neural Networks for Signal Processing X. Proceedings of the 2000 IEEE Signal Processing Society Workshop (Cat. No. 00TH8501)},
	volume={1},
	pages={231--240},
	year={2000},
	organization={IEEE}
}


@article{amari1995information,
	title={Information geometry of the EM and em algorithms for neural networks},
	author={Amari, Shun-ichi},
	journal={Neural networks},
	volume={8},
	number={9},
	pages={1379--1408},
	year={1995},
	publisher={Elsevier}
}


@article{widrow1975complex,
	title={The complex LMS algorithm},
	author={Widrow, Bernard and McCool, John and Ball, Michael},
	journal={Proceedings of the IEEE},
	volume={63},
	number={4},
	pages={719--720},
	year={1975},
	publisher={IEEE}
}

@inproceedings{ccevik2018day,
	title={Day ahead wind power forecasting using complex valued neural network},
	author={{\c{C}}evik, Hasan H{\"u}seyin and Acar, Yunus Emre and {\c{C}}unka{\c{s}}, Mehmet},
	booktitle={2018 International Conference on Smart Energy Systems and Technologies (SEST)},
	pages={1--6},
	year={2018},
	organization={IEEE}
}


@article{saraswathi2014ensemble,
	title={An ensemble approach to diagnose breast cancer using fully complex-valued relaxation neural network classifier},
	author={Saraswathi, D and Srinivasan, E},
	journal={International Journal of Biomedical Engineering and Technology},
	volume={15},
	number={3},
	pages={243--260},
	year={2014},
	publisher={Inderscience Publishers Ltd}
}


@inproceedings{ceylan2013blood,
	title={Blood vessel extraction from retinal images using complex wavelet transform and complex-valued artificial neural network},
	author={Ceylan, Murat and Ya{\c{c}}ar, H{\"u}seyin},
	booktitle={2013 36th International Conference on Telecommunications and Signal Processing (TSP)},
	pages={822--825},
	year={2013},
	organization={IEEE}
}


@article{nafisah2018face,
	title={Face recognition using complex valued propagation},
	author={Nafisah, Zumrotun and Rachmadi, Febrian and Imah, Elly Matul},
	journal={Jurnal Ilmu Komputer dan Informasi},
	volume={11},
	number={2},
	pages={103--109},
	year={2018},
	publisher={Faculty of Computer Science, Universitas Indonesia}
}

@article{tsuzuki2013approach,
	title={An approach for sound source localization by complex-valued neural network},
	author={Tsuzuki, Hirofumi and Kugler, Mauricio and Kuroyanagi, Susumu and Iwata, Akira},
	journal={IEICE TRANSACTIONS on Information and Systems},
	volume={96},
	number={10},
	pages={2257--2265},
	year={2013},
	publisher={The Institute of Electronics, Information and Communication Engineers}
}

@ARTICLE{lee2022survey,
	author={Lee, ChiYan and Hasegawa, Hideyuki and Gao, Shangce},
	journal={IEEE/CAA Journal of Automatica Sinica}, 
	title={Complex-Valued Neural Networks: A Comprehensive Survey}, 
	year={2022},
	volume={9},
	number={8},
	pages={1406-1426},
	keywords={Image segmentation;Recurrent neural networks;Magnetic resonance imaging;Signal processing algorithms;Pattern classification;Speech enhancement;Wind forecasting;Complex activation function;complex backpropagation algorithm;complex-valued learning algorithm;complex-valued neural network;deep learning},
	doi={10.1109/JAS.2022.105743}
}


@article{cauchy1847,
	author    = {Augustin-Louis Cauchy},
	title     = {Méthode générale pour la résolution des systèmes d'équations simultanées},
	journal   = {Comptes Rendus Hebdomadaires des Séances de l'Académie des Sciences},
	volume    = {25},
	pages     = {536--538},
	year      = {1847}
}

@book{stroustrup2013cpp,
	author    = {Bjarne Stroustrup},
	title     = {The C++ Programming Language},
	edition   = {4th},
	publisher = {Addison-Wesley},
	year      = {2013},
	isbn      = {978-0321563842}
}

@manual{tensorflow2023,
	title={TensorFlow: Large-Scale Machine Learning on Heterogeneous Systems},
	author={Martín Abadi and Ashish Agarwal and Paul Barham and Eugene Brevdo and Zhifeng Chen and Craig Citro and Greg S. Corrado and Andy Davis and Jeffrey Dean and Matthieu Devin and Sanjay Ghemawat and Ian Goodfellow and Andrew Harp and Geoffrey Irving and Michael Isard and Yangqing Jia and Rafal Jozefowicz and Lukasz Kaiser and Manjunath Kudlur and Josh Levenberg and Dandelion Mané and Rajat Monga and Sherry Moore and Derek Murray and Chris Olah and Mike Schuster and Jonathon Shlens and Benoit Steiner and Ilya Sutskever and Kunal Talwar and Paul Tucker and Vincent Vanhoucke and Vijay Vasudevan and Fernanda Viégas and Oriol Vinyals and Pete Warden and Martin Wattenberg and Martin Wicke and Yuan Yu and Xiaoqiang Zheng},
	year={2023},
	note={\url{https://www.tensorflow.org/}},
}

@book{rumelhart1986,
	author    = {David E. Rumelhart and Geoffrey E. Hinton and Ronald J. Williams},
	title     = {Learning Internal Representations by Error Propagation},
	booktitle = {Parallel Distributed Processing: Explorations in the Microstructure of Cognition. Volume 1: Foundations},
	editor    = {David E. Rumelhart and James L. McClelland and the PDP Research Group},
	publisher = {MIT Press},
	year      = {1986},
	pages     = {318--362},
	address   = {Cambridge, MA, USA}
}

@techreport{sobel1968,
	author       = {Irwin Sobel and Gary Feldman},
	title        = {A 3x3 Isotropic Gradient Operator for Image Processing},
	institution  = {Stanford Artificial Intelligence Project (SAIL)},
	year         = {1968},
	note         = {Presented at a talk at the Stanford Artificial Intelligence Project},
	type         = {Technical Report},
	number       = {S127}
}

@book{Cauchy1814,
	author    = {Augustin L. Cauchy},
	title     = {Mémoire sur les intégrales définies},
	series    = {Oeuvres complètes},
	volume    = {1},
	year      = {1814},
	note      = {Published in 1882},
	publisher = {Paris},
	pages     = {319--506}
}

@article{aizenberg1973multivalued,
	title={Multivalued threshold functions: II. Synthesis of multivalued threshold elements},
	author={Aizenberg, NN and Ivas' kiv, Yu L and Pospelov, DA and Khudyakov, GF},
	journal={Cybernetics},
	volume={9},
	number={1},
	pages={61--77},
	year={1973},
	publisher={Springer}
}

@article{kingma2014adam,
	title={Adam: A method for stochastic optimization},
	author={Kingma, Diederik P and Ba, Jimmy},
	journal={arXiv preprint arXiv:1412.6980},
	year={2014}
}

@article{wirtinger1927formalen,
	title={Zur formalen theorie der funktionen von mehr komplexen ver{\"a}nderlichen},
	author={Wirtinger, Wilhelm},
	journal={Mathematische Annalen},
	volume={97},
	number={1},
	pages={357--375},
	year={1927},
	publisher={Springer}
}


@article{hofmann2008kernel,
	title={Kernel methods in machine learning},
	author={Hofmann, Thomas and Sch{\"o}lkopf, Bernhard and Smola, Alexander J},
	year={2008}
}

@book{liu2011kernel,
	title={Kernel adaptive filtering: a comprehensive introduction},
	author={Liu, Weifeng and Principe, Jose C and Haykin, Simon},
	year={2011},
	publisher={John Wiley \& Sons}
}

@INPROCEEDINGS{neacsu2022protectcvnn,
  author={Neacşu, Ana and Ciubotaru, Răzvan and Pesquet, Jean-Christophe and Burileanu, Corneliu},
  booktitle={2022 30th European Signal Processing Conference (EUSIPCO)}, 
  title={Design of Robust Complex-Valued Feed-Forward Neural Networks}, 
  year={2022},
  volume={},
  number={},
  pages={1596-1600},
  doi={10.23919/EUSIPCO55093.2022.9909696}
}

@ARTICLE{georgiou1992fullfunc,
	author={Georgiou, G.M. and Koutsougeras, C.},
	journal={IEEE Transactions on Circuits and Systems II: Analog and Digital Signal Processing}, 
	title={Complex domain backpropagation}, 
	year={1992},
	volume={39},
	number={5},
	pages={330-334},
	doi={10.1109/82.142037}
}

@article{lecun1998mnist,
	title={The MNIST database of handwritten digits},
	author={LeCun, Yann},
	journal={http://yann. lecun. com/exdb/mnist/},
	year={1998}
}


@ARTICLE{scardapane2020newactfuncs,
	author={Scardapane, Simone and Van Vaerenbergh, Steven and Hussain, Amir and Uncini, Aurelio},
	journal={IEEE Transactions on Emerging Topics in Computational Intelligence}, 
	title={Complex-Valued Neural Networks With Nonparametric Activation Functions}, 
	year={2020},
	volume={4},
	number={2},
	pages={140-150},
	doi={10.1109/TETCI.2018.2872600}}

@INPROCEEDINGS{chatterjee2022cvnncomparison,
  author={Chatterjee, Soumick and Tummala, Pavan and Speck, Oliver and Nürnberger, Andreas},
  booktitle={2022 IEEE 5th International Conference on Image Processing Applications and Systems (IPAS)}, 
  title={Complex Network for Complex Problems: A comparative study of CNN and Complex-valued CNN}, 
  year={2022},
  volume={Five},
  number={},
  pages={1-5},
  doi={10.1109/IPAS55744.2022.10053060}
 }

@article{bassey2021survey,
  title={A survey of complex-valued neural networks},
  author={Bassey, Joshua and Qian, Lijun and Li, Xianfang},
  journal={arXiv preprint arXiv:2101.12249},
  year={2021}
}

@book{hirose2012complex,
  title={Complex-valued neural networks},
  author={Hirose, Akira},
  volume={400},
  year={2012},
  publisher={Springer Science \& Business Media}
}

@INPROCEEDINGS{clarke1990definition,
  author={Clarke, T.L.},
  booktitle={1990 IJCNN International Joint Conference on Neural Networks}, 
  title={Generalization of neural networks to the complex plane}, 
  year={1990},
  volume={},
  number={},
  pages={435-440 vol.2},
  doi={10.1109/IJCNN.1990.137751}
}

@phdthesis{monning2019deep,
  title={Deep Complex-Valued Neural Networks for Natural Language Processing},
  author={M{\"o}nning, Nils},
  year={2019},
  school={University of York}
}

@article{dramsch2021complex,
  title={Complex-valued neural networks for machine learning on non-stationary physical data},
  author={Dramsch, Jesper S{\"o}ren and L{\"u}thje, Mikael and Christensen, Anders Nymark},
  journal={Computers \& Geosciences},
  volume={146},
  pages={104643},
  year={2021},
  publisher={Elsevier}
}

@inproceedings{kotsovsky2020new,
  title={New approaches in the learning of complex-valued neural networks},
  author={Kotsovsky, Vladyslav and Batyuk, Anatoliy and Yurchenko, Maksym},
  booktitle={2020 IEEE Third International Conference on Data Stream Mining \& Processing (DSMP)},
  pages={50--54},
  year={2020},
  organization={IEEE}
}

@book{nitta2009complex,
  title={Complex-valued neural networks: Utilizing high-dimensional parameters},
  author={Nitta, Tohru},
  year={2009},
  publisher={IGI global}
}

@incollection{nitta2009complexgen,
  title={Complex-valued neural networks},
  author={Nitta, Tohru},
  booktitle={Encyclopedia of Artificial Intelligence},
  pages={361--366},
  year={2009},
  publisher={IGI Global}
}

@inproceedings{chiheb2017deep,
  title={Deep complex networks},
  author={Chiheb, Trabelsi and Bilaniuk, O and Serdyuk, D and others},
  booktitle={International Conference on Learning Representations},
  year={2017}
}

@book{suresh2013supervised,
  title={Supervised learning with complex-valued neural networks},
  author={Suresh, Sundaram and Sundararajan, Narasimhan and Savitha, Ramasamy},
  year={2013},
  publisher={Springer}
}

@article{abdalla2023newtheory,
  title={Complex-valued Neural Networks--Theory and Analysis},
  author={Abdalla, Rayyan},
  journal={arXiv preprint arXiv:2312.06087},
  year={2023}
}

@InProceedings{telbany2016learningstrategy,
    author="El-Telbany, Mohammed E. and Refat, Samah and Nasr, Engy I.",
    editor="Gaber, Tarek and Hassanien, Aboul Ella and El-Bendary, Nashwa and Dey, Nilanjan",
    title="A New Learning Strategy for Complex-Valued Neural Networks Using Particle Swarm Optimization",
    booktitle="The 1st International Conference on Advanced Intelligent System and Informatics (AISI2015), November 28-30, 2015, Beni Suef, Egypt",
    year="2016",
    publisher="Springer International Publishing",
    address="Cham",
    pages="197--207",
    isbn="978-3-319-26690-9"
}

@InProceedings{hu2014perousacvnn,
author="Hu, Jin and Wang, Jun",
editor="Zeng, Zhigang and Li, Yangmin and King, Irwin",
title="Multistability and Multiperiodicity Analysis of Complex-Valued Neural Networks",
booktitle="Advances in Neural Networks -- ISNN 2014",
year="2014",
publisher="Springer International Publishing",
address="Cham",
pages="59--68",
isbn="978-3-319-12436-0"
}

@InProceedings{li2006backpropold,
    author="Li, Songsong and Okada, Toshimi and Chen, Xiaoming and Tang, Zheng",
    editor="Wang, Jun and Yi, Zhang and Zurada, Jacek M. and Lu, Bao-Liang and Yin, Hujun",
    title="An Individual Adaptive Gain Parameter Backpropagation Algorithm for Complex-Valued Neural Networks",
    booktitle="Advances in Neural Networks - ISNN 2006",
    year="2006",
    publisher="Springer Berlin Heidelberg",
    address="Berlin, Heidelberg",
    pages="551--557",
    isbn="978-3-540-34440-7"
}

@InProceedings{liu2017efficientweightupdate,
    author="Liu, Qin and Sang, Zhaoyang and Chen, Hua and Wang, Jian and Zhang, Huaqing",
    editor="Liu, Derong and Xie, Shengli and Li, Yuanqing and Zhao, Dongbin and El-Alfy, El-Sayed M.",
    title="An Efficient Algorithm for Complex-Valued Neural Networks Through Training Input Weights",
    booktitle="Neural Information Processing",
    year="2017",
    publisher="Springer International Publishing",
    address="Cham",
    pages="150--159",
    isbn="978-3-319-70093-9"
}

@article{weijing2024gradientdescentcvnn,
    title = {Adaptive stepsize estimation based accelerated gradient descent algorithm for fully complex-valued neural networks},
    journal = {Expert Systems with Applications},
    volume = {236},
    pages = {121166},
    year = {2024},
    issn = {0957-4174},
    doi = {https://doi.org/10.1016/j.eswa.2023.121166},
    url = {https://www.sciencedirect.com/science/article/pii/S0957417423016688},
    author = {Weijing Zhao and He Huang},
    keywords = {Accelerated gradient descent, Adaptive stepsize, Local smoothness constant, Curvature information, Fully complex-valued neural networks}
}

@article{zhao2023ortogradientcvnn,
    title = {Adaptive orthogonal gradient descent algorithm for fully complex-valued neural networks},
    journal = {Neurocomputing},
    volume = {546},
    pages = {126358},
    year = {2023},
    issn = {0925-2312},
    doi = {https://doi.org/10.1016/j.neucom.2023.126358},
    url = {https://www.sciencedirect.com/science/article/pii/S0925231223004812},
    author = {Weijing Zhao and He Huang},
    keywords = {Fully complex-valued neural networks, Adaptive complex-valued stepsize, Orthogonal directions, Decoupling design, Gradient descent}
}

@ARTICLE{georgiou1992firstfullfunc,
	author={Georgiou, G.M. and Koutsougeras, C.},
	journal={IEEE Transactions on Circuits and Systems II: Analog and Digital Signal Processing}, 
	title={Complex domain backpropagation}, 
	year={1992},
	volume={39},
	number={5},
	pages={330-334},
	doi={10.1109/82.142037}
}


@ARTICLE{benvenuto1992firstback,
	author={Benvenuto, N. and Piazza, F.},
	journal={IEEE Transactions on Signal Processing}, 
	title={On the complex backpropagation algorithm}, 
	year={1992},
	volume={40},
	number={4},
	pages={967-969},
	doi={10.1109/78.127967}
}


%%%%%%%%%%%%%%%%%%
%%%%%%%%%%%%%%%%%%
%%%%%%%%%%%%%%%%%%
%%%%%%%%%%%%%%%%%%
%% applications %%
%%%%%%%%%%%%%%%%%%
%%%%%%%%%%%%%%%%%%
%%%%%%%%%%%%%%%%%%
%%%%%%%%%%%%%%%%%%
@ARTICLE{hirose2012coherwave,
	author={Hirose, Akira and Yoshida, Shotaro},
	journal={IEEE Transactions on Neural Networks and Learning Systems}, 
	title={Generalization Characteristics of Complex-Valued Feedforward Neural Networks in Relation to Signal Coherence}, 
	year={2012},
	volume={23},
	number={4},
	pages={541-551},
	keywords={Neurons;Coherence;Biological neural networks;Vectors;Feedforward neural networks;Signal to noise ratio;Complex-valued neural network;function approximation;generalization;supervised learning},
	doi={10.1109/TNNLS.2012.2183613}}

@book{mandic2009complex,
	title={Complex valued nonlinear adaptive filters: noncircularity, widely linear and neural models},
	author={Mandic, Danilo P and Goh, Vanessa Su Lee},
	year={2009},
	publisher={John Wiley \& Sons}
}

@ARTICLE{sunaga2019radar,
	author={Sunaga, Yuki and Natsuaki, Ryo and Hirose, Akira},
	journal={IEEE Transactions on Geoscience and Remote Sensing}, 
	title={Land Form Classification and Similar Land-Shape Discovery by Using Complex-Valued Convolutional Neural Networks}, 
	year={2019},
	volume={57},
	number={10},
	pages={7907-7917},
	keywords={Convolutional neural networks;Synthetic aperture radar;Convolution;Kernel;Feature extraction;Neurons;Complex-valued neural network;convolution;feature extraction;interferometric synthetic aperture radar (InSAR)},
	doi={10.1109/TGRS.2019.2917214}}


@article{hu2019signaldeterconcentr,
	author={Hu, Shizhen and Nagae, Seko and Hirose, Akira},
	journal={IEEE Transactions on Biomedical Engineering}, 
	title={Millimeter-Wave Adaptive Glucose Concentration Estimation With Complex-Valued Neural Networks}, 
	year={2019},
	volume={66},
	number={7},
	pages={2065-2071},
	keywords={Sugar;Blood;Neurons;Biomedical measurement;Millimeter wave technology;Biological neural networks;Estimation;Millimeter wave;complex-valued neural network;glucose concentration measurement},
	doi={10.1109/TBME.2018.2883085}
}

 @article{ma2013magnetic,
 	title={Magnetic resonance fingerprinting},
 	author={Ma, Dan and Gulani, Vikas and Seiberlich, Nicole and Liu, Kecheng and Sunshine, Jeffrey L and Duerk, Jeffrey L and Griswold, Mark A},
 	journal={Nature},
 	volume={495},
 	number={7440},
 	pages={187--192},
 	year={2013},
 	publisher={Nature Publishing Group UK London}
 }
 

@article{pillai2006epi,
    author = {Pillai, Jyoti and Sperling, Michael R.},
    title = {Interictal EEG and the Diagnosis of Epilepsy},
    year={2006},
    journal = {Epilepsia},
    volume = {47},
    number = {s1},
    pages = {14-22},
    keywords = {EEG, Interictal Spike, Generalized Spike and Wave, Epilepsy},
    doi = {https://doi.org/10.1111/j.1528-1167.2006.00654.x},
    url = {https://onlinelibrary.wiley.com/doi/abs/10.1111/j.1528-1167.2006.00654.x},
    eprint = {https://onlinelibrary.wiley.com/doi/pdf/10.1111/j.1528-1167.2006.00654.x}
}


@inproceedings{kinouchi1996memorization,
  title={Memorization of melodies by complex-valued recurrent network},
  author={Kinouchi, Makoto and Hagiwara, Masafumi},
  booktitle={Proceedings of International Conference on Neural Networks (ICNN'96)},
  volume={2},
  pages={1324--1328},
  year={1996},
  organization={IEEE}
}

@inproceedings{kataoka1998music,
  title={Music information retrieval system using complex-valued recurrent neural networks},
  author={Kataoka, Maki and Kinouchi, Makoto and Hagiwara, Masafumi},
  booktitle={SMC'98 Conference Proceedings. 1998 IEEE International Conference on Systems, Man, and Cybernetics (Cat. No. 98CH36218)},
  volume={5},
  pages={4290--4295},
  year={1998},
  organization={IEEE}
}

@INPROCEEDINGS{al2012mp3enhance,
  author={Al-Nuaimi, A.Y.H. and Faijul Amin, Md. and Murase, Kazuyuki},
  booktitle={The 2012 International Joint Conference on Neural Networks (IJCNN)}, 
  title={Enhancing MP3 encoding by utilizing a predictive Complex-Valued Neural Network}, 
  year={2012},
  volume={},
  number={},
  pages={1-6},
  doi={10.1109/IJCNN.2012.6252535}
}

@INPROCEEDINGS{hayakawa2018speech,
  author={Hayakawa, Daichi and Masuko, Takashi and Fujimura, Hiroshi},
  booktitle={2018 Asia-Pacific Signal and Information Processing Association Annual Summit and Conference (APSIPA ASC)}, 
  title={Applying Complex-Valued Neural Networks to Acoustic Modeling for Speech Recognition}, 
  year={2018},
  volume={},
  number={},
  pages={1725-1731},
  doi={10.23919/APSIPA.2018.8659610}}



@ARTICLE{aizenberg2008blurdetect,
  author={Aizenberg, Igor and Paliy, Dmitriy V. and Zurada, Jacek M. and Astola, Jaakko T.},
  journal={IEEE Transactions on Neural Networks}, 
  title={Blur Identification by Multilayer Neural Network Based on Multivalued Neurons}, 
  year={2008},
  volume={19},
  number={5},
  pages={883-898},
  doi={10.1109/TNN.2007.914158}
}

@INPROCEEDINGS{aizenberg2011blurbetter,
  author={Aizenberg, Igor and Alexander, Shane and Jackson, Jacob},
  booktitle={2011 41st IEEE International Symposium on Multiple-Valued Logic}, 
  title={Recognition of Blurred Images Using Multilayer Neural Network Based on Multi-valued Neurons}, 
  year={2011},
  volume={},
  number={},
  pages={282-287},
  doi={10.1109/ISMVL.2011.24}}


@INPROCEEDINGS{matlacz2018crowd,
  author={Matlacz, Marcin and Sarwas, Grzegorz},
  booktitle={2018 Signal Processing: Algorithms, Architectures, Arrangements, and Applications (SPA)}, 
  title={Crowd counting using complex convolutional neural network}, 
  year={2018},
  volume={},
  number={},
  pages={88-92},
  doi={10.23919/SPA.2018.8563383}
}


@INPROCEEDINGS{gu2018convcvnnvgg,
  author={Gu, Shenshen and Ding, Lu},
  booktitle={2018 Ninth International Conference on Intelligent Control and Information Processing (ICICIP)}, 
  title={A Complex-Valued VGG Network Based Deep Learing Algorithm for Image Recognition}, 
  year={2018},
  volume={},
  number={},
  pages={340-343},
  doi={10.1109/ICICIP.2018.8606702}}


@article{sobel2014operator,
    author = {Sobel, Irwin},
    year = {2014},
    month = {02},
    pages = {},
    title = {An Isotropic 3x3 Image Gradient Operator},
    journal = {Presentation at Stanford A.I. Project 1968}
}

@inproceedings{amilia2015face,
  title={Face image-based gender recognition using complex-valued neural network},
  author={Amilia, Sindi and Sulistiyo, Mahmud Dwi and Dayawati, Retno Novi},
  booktitle={2015 3rd International Conference on Information and Communication Technology (ICoICT)},
  pages={201--206},
  year={2015},
  organization={IEEE}
}

@INPROCEEDINGS{olanrewaju2011watermarkmed,
  author={Olanrewaju, R. F. and Khalifa, Othman and Abdulla, Aisha and Khedher, Akram M. Z.},
  booktitle={2011 4th International Conference on Mechatronics (ICOM)}, 
  title={Detection of alterations in watermarked medical images using Fast Fourier Transform and Complex-Valued Neural Network}, 
  year={2011},
  volume={},
  number={},
  pages={1-6},
  doi={10.1109/ICOM.2011.5937131}
}


@INPROCEEDINGS{liu2014handgestures,
  author={Liu, Yuanshan and Huang, He and Huang, Tingwen},
  booktitle={2014 International Joint Conference on Neural Networks (IJCNN)}, 
  title={Gain parameters based complex-valued backpropagation algorithm for learning and recognizing hand gestures}, 
  year={2014},
  volume={},
  number={},
  pages={2162-2166},
  doi={10.1109/IJCNN.2014.6889685}
}

@inproceedings{gleich2018complex,
  title={Complex valued convolutional neural network for TerraSAR-X patch categorization},
  author={Gleich, Dusan and Sipos, Danijel},
  booktitle={EUSAR 2018; 12th European Conference on Synthetic Aperture Radar},
  pages={1--4},
  year={2018},
  organization={VDE}
}

@ARTICLE{wang2021emmiteridcvnn,
  author={Wang, Yu and Gui, Guan and Gacanin, Haris and Ohtsuki, Tomoaki and Dobre, Octavia A. and Poor, H. Vincent},
  journal={IEEE Journal on Selected Areas in Communications}, 
  title={An Efficient Specific Emitter Identification Method Based on Complex-Valued Neural Networks and Network Compression}, 
  year={2021},
  volume={39},
  number={8},
  pages={2305-2317},
  doi={10.1109/JSAC.2021.3087243}
}


@INPROCEEDINGS{marseet2017firstmimo,
  author={Marseet, Akram and Sahin, Ferat},
  booktitle={2017 IEEE Western New York Image and Signal Processing Workshop (WNYISPW)}, 
  title={Application of complex-valued convolutional neural network for next generation wireless networks}, 
  year={2017},
  volume={},
  number={},
  pages={1-5},
  doi={10.1109/WNYIPW.2017.8356260}
}


@inproceedings{brandwood1983complex,
  title={A complex gradient operator and its application in adaptive array theory},
  author={Brandwood, DH},
  booktitle={IEE Proceedings H (Microwaves, Optics and Antennas)},
  volume={130},
  number={1},
  pages={11--16},
  year={1983},
  organization={IET Digital Library}
}


@INPROCEEDINGS{virtue2017mribettercvnn,
  author={Virtue, Patrick and Yu, Stella X. and Lustig, Michael},
  booktitle={2017 IEEE International Conference on Image Processing (ICIP)}, 
  title={Better than real: Complex-valued neural nets for MRI fingerprinting}, 
  year={2017},
  volume={},
  number={},
  pages={3953-3957},
  doi={10.1109/ICIP.2017.8297024}}


@ARTICLE{yuan2019channel,
  author={Yuan, Quan and Li, Dezhi and Wang, Zhenyong and Liu, Chang and He, Ci},
  journal={IEEE Access}, 
  title={Channel Estimation and Pilot Design for Uplink Sparse Code Multiple Access System based on Complex-Valued Sparse Autoencoder}, 
  year={2019},
  volume={},
  number={},
  pages={1-1},
  doi={10.1109/ACCESS.2019.2904990}}


@article{scardapane2018complex,
  title={Complex-valued neural networks with nonparametric activation functions},
  author={Scardapane, Simone and Van Vaerenbergh, Steven and Hussain, Amir and Uncini, Aurelio},
  journal={IEEE Transactions on Emerging Topics in Computational Intelligence},
  volume={4},
  number={2},
  pages={140--150},
  year={2018},
  publisher={IEEE}
}

@INPROCEEDINGS{kim2000envelope,
  author={Taehwan Kim and Adali, T.},
  booktitle={Neural Networks for Signal Processing X. Proceedings of the 2000 IEEE Signal Processing Society Workshop (Cat. No.00TH8501)}, 
  title={Fully complex backpropagation for constant envelope signal processing}, 
  year={2000},
  volume={1},
  number={},
  pages={231-240 vol.1},
  doi={10.1109/NNSP.2000.889414}}


@article{kim2002perceptron,
  title={Fully complex multi-layer perceptron network for nonlinear signal processing},
  author={Kim, Taehwan and Adali, T{\"u}lay},
  journal={Journal of VLSI signal processing systems for signal, image and video technology},
  volume={32},
  pages={29--43},
  year={2002},
  publisher={Springer}
}


@ARTICLE{hong2014equalizerhammer,
  author={Hong, Xia and Chen, Sheng and Harris, Chris J. and Khalaf, Emad F.},
  journal={IEEE Transactions on Signal Processing}, 
  title={Single-Carrier Frequency Domain Equalization for Hammerstein Communication Systems Using Complex-Valued Neural Networks}, 
  year={2014},
  volume={62},
  number={17},
  pages={4467-4478},
  doi={10.1109/TSP.2014.2333555}
}

@ARTICLE{cheolwoo1998oldeuqalizer,
  author={Cheolwoo You and Daesik Hong},
  journal={IEEE Transactions on Neural Networks}, 
  title={Nonlinear blind equalization schemes using complex-valued multilayer feedforward neural networks}, 
  year={1998},
  volume={9},
  number={6},
  pages={1442-1455},
  doi={10.1109/72.728394}}


@ARTICLE{peker2016eegsignal,
  author={Peker, Musa and Sen, Baha and Delen, Dursun},
  journal={IEEE Journal of Biomedical and Health Informatics}, 
  title={A Novel Method for Automated Diagnosis of Epilepsy Using Complex-Valued Classifiers}, 
  year={2016},
  volume={20},
  number={1},
  pages={108-118},
  doi={10.1109/JBHI.2014.2387795}
}

@ARTICLE{uncini1999equalizerold,
  author={Uncini, A. and Vecci, L. and Campolucci, P. and Piazza, F.},
  journal={IEEE Transactions on Signal Processing}, 
  title={Complex-valued neural networks with adaptive spline activation function for digital-radio-links nonlinear equalization}, 
  year={1999},
  volume={47},
  number={2},
  pages={505-514},
  doi={10.1109/78.740133}}


@article{liu2017equalizercvnn,
    author = {Liu, Siming and Xu, Mu and Wang, Jing and Lu, Feng and Zhang, Weiheng and Tian, Huiping and Chang, G.-K},
    year = {2017},
    month = {06},
    pages = {1-1},
    title = {A Multilevel Artificial Neural Network Nonlinear Equalizer for Millimeter-Wave Mobile Fronthaul Systems},
    volume = {PP},
    journal = {Journal of Lightwave Technology},
    doi = {10.1109/JLT.2017.2717778}
}

@ARTICLE{zhang2017sleepsignal,
  author={Zhang, Junming and Wu, Yan},
  journal={IEEE Transactions on Biomedical Circuits and Systems}, 
  title={A New Method for Automatic Sleep Stage Classification}, 
  year={2017},
  volume={11},
  number={5},
  pages={1097-1110},
  doi={10.1109/TBCAS.2017.2719631}
}

@ARTICLE{hirose2012cohersignal,
  author={Hirose, Akira and Yoshida, Shotaro},
  journal={IEEE Transactions on Neural Networks and Learning Systems}, 
  title={Generalization Characteristics of Complex-Valued Feedforward Neural Networks in Relation to Signal Coherence}, 
  year={2012},
  volume={23},
  number={4},
  pages={541-551},
  doi={10.1109/TNNLS.2012.2183613}}


@InProceedings{wu2017singalcohercvnn,
    author="Wu, Rongrong and Huang, He and Huang, Tingwen",
    editor="Liu, Derong and Xie, Shengli and Li, Yuanqing and Zhao, Dongbin and El-Alfy, El-Sayed M.",
    title="Learning of Phase-Amplitude-Type Complex-Valued Neural Networks with Application to Signal Coherence",
    booktitle="Neural Information Processing",
    year="2017",
    publisher="Springer International Publishing",
    address="Cham",
    pages="91--99",
    isbn="978-3-319-70087-8"
}

@InProceedings{tiba2023signalmimocvnn,
    author="Tiba, Isayiyas Nigatu and youhong, Mao",
    editor="Woldegiorgis, Bereket H. and Mequanint, Kibret and Bitew, Mekuanint A. and Beza, Teketay B. and Yibre, Abdulkerim M.",
    title="Deep Complex-Valued Neural Networks for Massive MIMO Signal Detection",
    booktitle="Artificial Intelligence and Digitalization for Sustainable Development",
    year="2023",
    publisher="Springer Nature Switzerland",
    address="Cham",
    pages="239--251",
    isbn="978-3-031-28725-1"
}


@InProceedings{jia2018stockpredcvnn,
    author="Jia, Lina and Yang, Bin and Zhang, Wei",
    editor="Huang, De-Shuang and Jo, Kang-Hyun and Zhang, Xiao-Long",
    title="Research on Stock Forecasting Based on GPU and Complex-Valued Neural Network",
    booktitle="Intelligent Computing Theories and Application",
    year="2018",
    publisher="Springer International Publishing",
    address="Cham",
    pages="120--128",
    isbn="978-3-319-95933-7"
}


@InProceedings{luo2024imagecompressalgocvnn,
    author="Luo, Can and Bao, Youneng and Tan, Wen and Li, Chao and Meng, Fanyang and Liang, Yongsheng",
    editor="Liu, Qingshan and Wang, Hanzi and Ma, Zhanyu and Zheng, Weishi and Zha, Hongbin and Chen, Xilin and Wang, Liang and Ji, Rongrong",
    title="A Complex-Valued Neural Network Based Robust Image Compression",
    booktitle="Pattern Recognition and Computer Vision",
    year="2024",
    publisher="Springer Nature Singapore",
    address="Singapore",
    pages="53--64",
    isbn="978-981-99-8549-4"
}

@article{yang2014cuckoo,
	title={Cuckoo search: recent advances and applications},
	author={Yang, Xin-She and Deb, Suash},
	journal={Neural Computing and applications},
	volume={24},
	pages={169--174},
	year={2014},
	publisher={Springer}
}

@INPROCEEDINGS{eberhart1995particle,
	author={Eberhart, R. and Kennedy, J.},
	booktitle={MHS'95. Proceedings of the Sixth International Symposium on Micro Machine and Human Science}, 
	title={A new optimizer using particle swarm theory}, 
	year={1995},
	volume={},
	number={},
	pages={39-43},
	doi={10.1109/MHS.1995.494215}}


@InProceedings{wang2017cvnnstockprediction,
    author="Wang, Haifeng and Yang, Bin and Lv, Jiaguo",
    editor="Abraham, Ajith and Haqiq, Abdelkrim and Alimi, Adel M. and Mezzour, Ghita and Rokbani, Nizar and Muda, Azah Kamilah",
    title="Complex-Valued Neural Network Model and Its Application to Stock Prediction",
    booktitle="Proceedings of the 16th International Conference on Hybrid Intelligent Systems (HIS 2016)",
    year="2017",
    publisher="Springer International Publishing",
    address="Cham",
    pages="21--28",
    isbn="978-3-319-52941-7"
}

@InProceedings{hafiz2011handgesturecvnn,
    author="Hafiz, Abdul Rahman and Amin, Md. Faijul and Murase, Kazuyuki",
    editor="Lu, Bao-Liang and Zhang, Liqing and Kwok, James",
    title="Real-Time Hand Gesture Recognition Using Complex-Valued Neural Network (CVNN)",
    booktitle="Neural Information Processing",
    year="2011",
    publisher="Springer Berlin Heidelberg",
    address="Berlin, Heidelberg",
    pages="541--549",
    isbn="978-3-642-24955-6"
}

@InProceedings{murata2015cvnnforsignalchapter,
    author="Murata, Tetsuya and Ding, Tianben and Hirose, Akira",
    editor="Arik, Sabri and Huang, Tingwen and Lai, Weng Kin and Liu, Qingshan",
    title="Proposal of Channel Prediction by Complex-Valued Neural Networks that Deals with Polarization as a Transverse Wave Entity",
    booktitle="Neural Information Processing",
    year="2015",
    publisher="Springer International Publishing",
    address="Cham",
    pages="541--549",
    isbn="978-3-319-26555-1"
}


@INPROCEEDINGS{yu2020circuitcvnn,
  author={Yu, Yandong and Yao, Yuge},
  booktitle={2020 International Wireless Communications and Mobile Computing (IWCMC)}, 
  title={Stability Analysis of Electronic Circuit based on Complex Neural Network Theory}, 
  year={2020},
  volume={},
  number={},
  pages={661-666},
  doi={10.1109/IWCMC48107.2020.9148137}
}

@INPROCEEDINGS{popa2018imgclasscvnn,
  author={Popa, Călin-Adrian},
  booktitle={2018 International Joint Conference on Neural Networks (IJCNN)}, 
  title={Deep Hybrid Real-Complex-Valued Convolutional Neural Networks for Image Classification}, 
  year={2018},
  volume={},
  number={},
  pages={1-6},
  doi={10.1109/IJCNN.2018.8489274}
}

@INPROCEEDINGS{sunaga2020signalcvnn,
  author={Sunaga, Yuki and Natsuaki, Ryo and Hirose, Akira},
  booktitle={2020 International Joint Conference on Neural Networks (IJCNN)}, 
  title={Similar land-form discovery: Complex absolute-value max pooling in complex-valued convolutional neural networks in interferometric synthetic aperture radar}, 
  year={2020},
  volume={},
  number={},
  pages={1-7},
  doi={10.1109/IJCNN48605.2020.9207122}
}


@article{barrachina2023theory,
  title={Theory and Implementation of Complex-Valued Neural Networks},
  author={Barrachina, Jose Agustin and Ren, Chengfang and Vieillard, Gilles and Morisseau, Christele and Ovarlez, Jean-Philippe},
  journal={arXiv preprint arXiv:2302.08286},
  year={2023}
}

@article{du2023hybrid,
  title={A hybrid complex-valued neural network framework with applications to electroencephalogram (EEG)},
  author={Du, Hang and Riddell, Rebecca Pillai and Wang, Xiaogang},
  journal={Biomedical Signal Processing and Control},
  volume={85},
  pages={104862},
  year={2023},
  publisher={Elsevier}
}

@article{cole2020analysis,
  title={Analysis of deep complex-valued convolutional neural networks for MRI reconstruction},
  author={Cole, Elizabeth K and Cheng, Joseph Y and Pauly, John M and Vasanawala, Shreyas S},
  journal={arXiv preprint arXiv:2004.01738},
  year={2020}
}

@article{cole2021analysis,
  title={Analysis of deep complex-valued convolutional neural networks for MRI reconstruction and phase-focused applications},
  author={Cole, Elizabeth and Cheng, Joseph and Pauly, John and Vasanawala, Shreyas},
  journal={Magnetic resonance in medicine},
  volume={86},
  number={2},
  pages={1093--1109},
  year={2021},
  publisher={Wiley Online Library}
}

@article{wang2021efficient,
  title={An efficient specific emitter identification method based on complex-valued neural networks and network compression},
  author={Wang, Yu and Gui, Guan and Gacanin, Haris and Ohtsuki, Tomoaki and Dobre, Octavia A and Poor, H Vincent},
  journal={IEEE Journal on Selected Areas in Communications},
  volume={39},
  number={8},
  pages={2305--2317},
  year={2021},
  publisher={IEEE}
}

@article{hu2020dccrn,
  title={DCCRN: Deep complex convolution recurrent network for phase-aware speech enhancement},
  author={Hu, Yanxin and Liu, Yun and Lv, Shubo and Xing, Mengtao and Zhang, Shimin and Fu, Yihui and Wu, Jian and Zhang, Bihong and Xie, Lei},
  journal={arXiv preprint arXiv:2008.00264},
  year={2020}
}

@article{guberman2016complex,
  title={On complex valued convolutional neural networks},
  author={Guberman, Nitzan},
  journal={arXiv preprint arXiv:1602.09046},
  year={2016}
}

@inproceedings{hirose2010recent,
  title={Recent progress in applications of complex-valued neural networks},
  author={Hirose, Akira},
  booktitle={International Conference on Artificial Intelligence and Soft Computing},
  pages={42--46},
  year={2010},
  organization={Springer}
}


%% libraries
%%% Olexa Bilaniuk, Ying Zhang, Dmitriy Serdyuk, Sandeep Subramanian, João Felipe Santos, Soroush Mehri, Negar Rostamzadeh, Yoshua Bengio, Christopher J Pal", %%%
@ARTICLE {trabelsi2017tool,
    author  = "Chiheb Trabelsi, et al.",
    title   = "Deep Complex Networks",
    journal = "arXiv preprint arXiv:1705.09792",
    year    = "2017"
}

@article{cruz4252610rosenpy,
  title={RosenPy: An Open Source Python Framework for Complex-Valued Neural Networks},
  author={Cruz, Ariadne Arrais and Mayer, Kayol Soares and Arantes, Dalton Soares},
  journal={Available at SSRN 4252610}
}

@INPROCEEDINGS{peker2015tool,
  author={Gürüler, Hüseyin and Peker, Musa},
  booktitle={2015 23nd Signal Processing and Communications Applications Conference (SIU)}, 
  title={A software tool for complex-valued neural network: CV-ANN}, 
  year={2015},
  volume={},
  number={},
  pages={2054-2057},
  doi={10.1109/SIU.2015.7130272}
}

@software{j_agustin_barrachina_2022_7303587,
  author       = {J Agustin Barrachina},
  title        = {NEGU93/cvnn: Complex-Valued Neural Networks},
  month        = nov,
  year         = 2022,
  publisher    = {Zenodo},
  version      = {v2.0},
  doi          = {10.5281/zenodo.7303587},
  url          = {https://doi.org/10.5281/zenodo.7303587}
}

@misc{dramsch2019complex, 
    title     = {Complex-Valued Neural Networks in Keras with Tensorflow}, 
    url       = {https://figshare.com/articles/Complex-Valued_Neural_Networks_in_Keras_with_Tensorflow/9783773/1}, 
    DOI       = {10.6084/m9.figshare.9783773}, 
    publisher = {figshare}, 
    author    = {Dramsch, Jesper S{\"o}ren and Contributors}, 
    year      = {2019}
}

